% This file was created with JabRef 2.9.2.
% Encoding: Cp1252

@INPROCEEDINGS{Mai13,
  author = {A.D. Maidment and P.R. Bakic and J.H. Chui and A.N. Avanaki and C.
	Marchessoux and D.D. Pokrajac and K.S. Espig and T. Kimpe and A.
	Xthona and M.A. Lago and V. Shankla},
  title = {The Role of Virtual Clinical Trials in Preclinical Testing of Breast
	Imaging Systems},
  booktitle = {RSNA},
  year = {2013},
  timestamp = {2014.10.01}
}

@ARTICLE{Mar08,
  author = {C. Marchessoux and T. Kimpe and T. Bert},
  title = {A Virtual Image Chain for Perceived and Clinical Image Quality of
	Medical Display},
  journal = {JOURNAL OF DISPLAY TECHNOLOGY},
  year = {2008},
  volume = {4},
  pages = {356-368},
  timestamp = {2009.02.24}
}

@INPROCEEDINGS{Tam02,
  author = {N. Tamura and N. Tsumura and Y. Miyake},
  title = {Masking Model for Accurate Colorimetric Characterization of LCD},
  booktitle = {Proc. IS\&T/SID 10 th Color Imaging Conference 2002},
  year = {2002},
  pages = {312--316}
}

@CONFERENCE{Mar12,
  author = {C. Marchessoux and A. Avanaki and P.R. Bakic and T.R.L. kimpe and
	A.D.A. Maidment},
  title = {Effects of medical display luminance, contrast and temporal compensation
	on CHO detection performanceat various browsing speeds and on digital
	breast tomosynthesis images},
  booktitle = {IWDM},
  year = {2012},
  timestamp = {2012.04.25}
}

@ELECTRONIC{Pla09a,
  author = {L. Platisa and B. Goossens and E. Vansteenkiste and A. Badano and
	W. Philips},
  month = {October},
  year = {2009},
  title = {Channelized Hotelling Observers for Detection Tasks in Multi-Slice
	Images},
  language = {English},
  abstract = {Medical Image Perception Society (MIPS) 2009 conference presentation},
  timestamp = {2010.02.10}
}

@ARTICLE{Gal06,
  author = {B.D. Gallas},
  title = {One-Shot Estimate of MRMC Variance: AUC},
  journal = {Acad. Radiol.},
  year = {2006},
  volume = {13},
  pages = {353-362},
  timestamp = {2009.11.24}
}

@ARTICLE{Mye87,
  author = {K.J. Myers and H.H. Barrett},
  title = {Addition of a channel mechanism to the ideal-observer model},
  journal = {J. Opt. Soc. Am. A},
  year = {1987},
  volume = {4},
  pages = {2447--2457},
  number = {12},
  timestamp = {2011.04.13}
}

@STANDARD{DIC98,
  title = {DICOM supplement 28: Grayscale Standard Display Function (GSDF).},
  organization = {DICOM Standards Committee},
  institution = {NEMA},
  author = {DICOM},
  year = {1998},
  url = {http://medical.nema.org/dicom/final/sup28_ft.pdf},
  timestamp = {2009.02.09}
}





